@article{Fauria_2015,
	doi = {10.1002/2014wr016481},
	url = {https://doi.org/10.1002%2F2014wr016481},
	year = 2015,
	month = {nov},
	publisher = {American Geophysical Union ({AGU})},
	volume = {51},
	number = {11},
	pages = {9112--9126},
	author = {Kristen E. Fauria and Rachel E. Kerwin and Daniel Nover and S. Geoffrey Schladow},
	title = {Suspended particle capture by synthetic vegetation in a laboratory flume},
	journal = {Water Resources Research}
}

@article{Palmer_2004,
  title={Observations of particle capture on a cylindrical collector: Implications for particle accumulation and removal in aquatic systems},
  author={Palmer, Molly R and Nepf, Heidi M and Pettersson, Thomas JR and Ackerman, Josef D},
  journal={Limnology and Oceanography},
  volume={49},
  number={1},
  pages={76--85},
  year={2004},
  publisher={Wiley Online Library}
}

@article{Nepf_2012,
  title={Flow and transport in regions with aquatic vegetation},
  author={Nepf, Heidi M},
  journal={Annual review of fluid mechanics},
  volume={44},
  pages={123--142},
  year={2012},
  publisher={Annual Reviews}
}