@article{Fauria_2015,
	doi = {10.1002/2014wr016481},
	url = {https://doi.org/10.1002%2F2014wr016481},
	year = 2015,
	month = {nov},
	publisher = {American Geophysical Union ({AGU})},
	volume = {51},
	number = {11},
	pages = {9112--9126},
	author = {Kristen E. Fauria and Rachel E. Kerwin and Daniel Nover and S. Geoffrey Schladow},
	title = {Suspended particle capture by synthetic vegetation in a laboratory flume},
	journal = {Water Resources Research}
}

@article{Palmer_2004,
  title={Observations of particle capture on a cylindrical collector: Implications for particle accumulation and removal in aquatic systems},
  author={Palmer, Molly R and Nepf, Heidi M and Pettersson, Thomas JR and Ackerman, Josef D},
  journal={Limnology and Oceanography},
  volume={49},
  number={1},
  pages={76--85},
  year={2004},
  publisher={Wiley Online Library}
}

@article{Nepf_2012,
  title={Flow and transport in regions with aquatic vegetation},
  author={Nepf, Heidi M},
  journal={Annual review of fluid mechanics},
  volume={44},
  pages={123--142},
  year={2012},
  publisher={Annual Reviews}
}

@article{Wang_2018,
  title={Settling velocity of fine heavy particles in turbulent open channel flow},
  author={Wang, Yixiang and Lam, Kit Ming and Lu, Yi},
  journal={Physics of Fluids},
  volume={30},
  number={9},
  pages={095106},
  year={2018},
  publisher={AIP Publishing LLC}
}

@article{Nielsen_1993,
  title={Turbulence effects on the settling of suspended particles},
  author={Nielsen, Peter},
  journal={Journal of Sedimentary Research},
  volume={63},
  number={5},
  pages={835--838},
  year={1993},
  publisher={SEPM Society for Sedimentary Geology}
}

@article{Jacobs_2016,
  title={Flow scales of influence on the settling velocities of particles with varying characteristics},
  author={Jacobs, Corrine N and Merchant, Wilmot and Jendrassak, Marek and Limpasuvan, Varavut and Gurka, Roi and Hackett, Erin E},
  journal={PloS one},
  volume={11},
  number={8},
  pages={e0159645},
  year={2016},
  publisher={Public Library of Science San Francisco, CA USA}
}

@article{Zhang_turbulence_2020,
	title = {Turbulence and Particle Deposition Under Steady Flow Along a Submerged Seagrass Meadow},
	volume = {125},
	copyright = {©2020. American Geophysical Union. All Rights Reserved.},
	issn = {2169-9291},
	url = {http://agupubs.onlinelibrary.wiley.com/doi/abs/10.1029/2019JC015985},
	doi = {10.1029/2019JC015985},
	language = {en},
	number = {5},
	urldate = {2020-09-06},
	journal = {Journal of Geophysical Research: Oceans},
	author = {Zhang, Jiao and Lei, Jiarui and Huai, Wenxin and Nepf, Heidi},
	year = {2020},
	note = {\_eprint: https://onlinelibrary.wiley.com/doi/pdf/10.1029/2019JC015985},
	pages = {e2019JC015985},
	annote = {e2019JC015985 2019JC015985}
}

@article{Zhang_reconfiguration_2020,
	title = {Flow-induced reconfiguration of aquatic plants, including the impact of leaf sheltering},
	volume = {n/a},
	copyright = {© 2020 The Authors. Limnology and Oceanography published by Wiley Periodicals LLC on behalf of Association for the Sciences of Limnology and Oceanography.},
	issn = {1939-5590},
	url = {https://aslopubs.onlinelibrary.wiley.com/doi/abs/10.1002/lno.11542},
	doi = {10.1002/lno.11542},
	language = {en},
	number = {n/a},
	urldate = {2020-09-06},
	year = {2020},
	journal = {Limnology and Oceanography},
	author = {Zhang, Xiaoxia and Nepf, Heidi},
	note = {\_eprint: https://aslopubs.onlinelibrary.wiley.com/doi/pdf/10.1002/lno.11542}
}

@article{Shan_turbulence_2020,
	title = {Turbulence and Bed Load Transport in Channels With Randomly Distributed Emergent Patches of Model Vegetation},
	volume = {47},
	copyright = {©2020. American Geophysical Union. All Rights Reserved.},
	issn = {1944-8007},
	url = {http://agupubs.onlinelibrary.wiley.com/doi/abs/10.1029/2020GL087055},
	doi = {10.1029/2020GL087055},
	language = {en},
	number = {12},
	urldate = {2020-09-06},
	journal = {Geophysical Research Letters},
	author = {Shan, Yuqi and Zhao, Tian and Liu, Chao and Nepf, Heidi},
	year = {2020},
	note = {\_eprint: https://onlinelibrary.wiley.com/doi/pdf/10.1029/2020GL087055},
	pages = {e2020GL087055},
	annote = {e2020GL087055 2020GL087055}
}

@article{Yang_2016,
	title = {The onset of sediment transport in vegetated channels predicted by turbulent kinetic energy},
	volume = {43},
	copyright = {©2016. American Geophysical Union. All Rights Reserved.},
	issn = {1944-8007},
	url = {http://agupubs.onlinelibrary.wiley.com/doi/abs/10.1002/2016GL071092},
	doi = {10.1002/2016GL071092},
	language = {en},
	number = {21},
	urldate = {2020-09-06},
	journal = {Geophysical Research Letters},
	author = {Yang, J. Q. and Chung, H. and Nepf, H. M.},
	year = {2016},
	note = {\_eprint: https://onlinelibrary.wiley.com/doi/pdf/10.1002/2016GL071092},
	keywords = {critical condition, incipient velocity, sediment transport, turbulence, vegetation},
	pages = {11,261--11,268}
}

@article{Nepf_2008,
	title = {Flow and transport in channels with submerged vegetation},
	volume = {56},
	issn = {1895-7455},
	url = {https://doi.org/10.2478/s11600-008-0017-y},
	doi = {10.2478/s11600-008-0017-y},
	language = {en},
	number = {3},
	urldate = {2020-09-06},
	journal = {Acta Geophysica},
	author = {Nepf, Heidi and Ghisalberti, Marco},
	month = sep,
	year = {2008},
	pages = {753--777}
}

@article{Purich_2007,
	title = {The Capture of Suspended Particles by Aquatic Vegetation},
	language = {en},
	journal = {Doctoral dissertation},
	author = {Purich, Ariaan},
	pages = {97},
	year = {2007}
}

@article{nepf_drag_1999,
	title = {Drag, turbulence, and diffusion in flow through emergent vegetation},
	volume = {35},
	copyright = {Copyright 1999 by the American Geophysical Union.},
	issn = {1944-7973},
	url = {https://agupubs.onlinelibrary.wiley.com/doi/abs/10.1029/1998WR900069},
	doi = {10.1029/1998WR900069},
	language = {en},
	number = {2},
	urldate = {2020-09-06},
	journal = {Water Resources Research},
	author = {Nepf, H. M.},
	year = {1999},
	note = {\_eprint: https://agupubs.onlinelibrary.wiley.com/doi/pdf/10.1029/1998WR900069},
	pages = {479--489}
}

@article{Wu_2011,
	title = {Experimental {Analysis} of {Colloid} {Capture} by a {Cylindrical} {Collector} in {Laminar} {Overland} {Flow}},
	volume = {45},
	issn = {0013-936X},
	url = {https://doi.org/10.1021/es201578n},
	doi = {10.1021/es201578n},
	number = {18},
	urldate = {2020-09-06},
	journal = {Environmental Science \& Technology},
	author = {Wu, Lei and Gao, Bin and Muñoz-Carpena, Rafael},
	month = sep,
	year = {2011},
	note = {Publisher: American Chemical Society},
	pages = {7777--7784}
}

@article{espinosa-gayosso_ghisalberti_ivey_jones_2015,
    title={Density-ratio effects on the capture of suspended particles in aquatic systems}, 
    volume={783}, 
    DOI={10.1017/jfm.2015.557}, 
    journal={Journal of Fluid Mechanics}, 
    publisher={Cambridge University Press}, 
    author={Espinosa-Gayosso, Alexis and Ghisalberti, Marco and Ivey, Gregory N. and Jones, Nicole L.}, 
    year={2015}, 
    pages={191–210}
}

@article{Wheaton_2011,
  title={Preface: multiscale feedbacks in ecogeomorphology},
  author={Wheaton, Joseph M and Gibbins, Chris and Wainwright, John and Larsen, Laurel and McElroy, Brandon},
  journal={Geomorphology},
  volume={126},
  number={3-4},
  pages={265--268},
  year={2011},
  publisher={Elsevier}
}

@article{Larsen_2019,
  title={Multiscale flow-vegetation-sediment feedbacks in low-gradient landscapes},
  author={Larsen, Laurel G},
  journal={Geomorphology},
  volume={334},
  pages={165--193},
  year={2019},
  publisher={Elsevier}
}

@article{van_2015_long,
  title={Long-distance interactions regulate the structure and resilience of coastal ecosystems},
  author={van de Koppel, Johan and van der Heide, Tjisse and Altieri, Andrew H and Eriksson, Britas Klemens and Bouma, Tjeerd J and Olff, Han and Silliman, Brian R},
  journal={Annual review of marine science},
  volume={7},
  pages={139--158},
  year={2015},
  publisher={Annual Reviews}
}

@article{goring_nikora,
  title={Despiking acoustic Doppler velocimeter data},
  author={Goring, Derek G and Nikora, Vladimir I},
  journal={Journal of hydraulic engineering},
  volume={128},
  number={1},
  pages={117--126},
  year={2002},
  publisher={American Society of Civil Engineers}
}

@article{kadlec1990,
  title={Overland flow in wetlands: vegetation resistance},
  author={Kadlec, Robert H},
  journal={Journal of Hydraulic Engineering},
  volume={116},
  number={5},
  pages={691--706},
  year={1990},
  publisher={American Society of Civil Engineers}
}

@article{mckenzie2008size,
  title={Size dependent elemental composition of road-associated particles},
  author={McKenzie, Erica R and Wong, Carol M and Green, Peter G and Kayhanian, Masoud and Young, Thomas M},
  journal={Science of the Total Environment},
  volume={398},
  number={1-3},
  pages={145--153},
  year={2008},
  publisher={Elsevier}
}

@article{czuba2015sedgravity,
  title={Comparison of fluvial suspended-sediment concentrations and particle-size distributions measured with in-stream laser diffraction and in physical samples},
  author={Czuba, Jonathan A and Straub, Timothy D and Curran, Christopher A and Landers, Mark N and Domanski, Marian M},
  journal={Water Resources Research},
  volume={51},
  number={1},
  pages={320--340},
  year={2015},
  publisher={Wiley Online Library}
}